@article{peter2015one,
  title="{One Tunnel is (Often) Enough}",
  author={Peter, Simon and Javed, Umar and Zhang, Qiao and Woos, Doug and Anderson, Thomas and Krishnamurthy, Arvind},
  journal={ACM SIGCOMM Computer Communication Review},
  volume={44},
  number={4},
  pages={99--110},
  year={2015},
  publisher={ACM}
}

@article{gharaibeh2017look,
  title="{A Look at Router Geolocation in Public and Commercial Databases}",
  author={Gharaibeh, Manaf and Shah, Anant and Huffaker, Bradley and Zhang, Han and Ensafi, Roya and Papadopoulos, Christos},
  booktitle={Internet Measurement Conference (IMC)},
  year={2017}
}

@inproceedings{levin_detour,
  title = "{DeTor: Provably Avoiding Geographic Regions in Tor}",
  author = {Zhihao Li, Stephen Herwig, Dave Levin},
  booktitle = {USENIX Security 2017},
  year = {2017}
}

@misc{ransom_data,
  title="{Data}",
  key = {Data},
  howpublished = {\url{https://bitbucket.org/ransom\_research/data/}}
}

@misc{hegemony2,
  title="{Internet Hegemony and the Digital Divide}",
  key = {Internet},
  howpublished = {\url{http://www.economist.com/node/5165014}}
}

@misc{hegemony_china,
  title="{No Internet Hegemony: Xi}",
  key = {No},
  howpublished = {\url{http://www.globaltimes.cn/content/958926.shtml}}
}

@misc{hegemony_eu,
  title="{EU Challenges US Gegemony in Global Internet Governance}",
  key = {EU},
  howpublished = {\url{http://www.euractiv.com/section/digital/news/eu-challenges-us-hegemony-in-global-internet-governance/}}
}

@misc{hegemony,
  title="{Digital Colonialism \& the Internet as a Tool of Cultural Hegemony}",
  key = {Digital},
  howpublished = {\url{http://www.knowledgecommons.in/brasil/en/whats-wrong-with-current-internet-governance/digital-colonialism-the-internet-as-a-tool-of-cultural-hegemony/}}
}

@misc{ran_system,
  title="{RAN}",
  key = {RAN},
  howpublished = {\url{https://bitbucket.org/ransom\_research/ran/}}
}

@article{aas2014let,
  title="{Let’s Encrypt: Delivering SSL/TLS Everywhere}",
  author={Aas, Josh},
  journal={Let’s Encrypt},
  volume={18},
  year={2014}
}

@article{apthorpe2016poster,
  title="{Poster: A Smart Home is No Castle: Privacy Vulnerabilities of Encrypted IoT Traffic}",
  author={Apthorpe, Noah and Reisman, Dillon and Feamster, Nick},
  year={2016}
}

@inproceedings{zhang2011scion,
  title="{SCION: Scalability, Control, and Isolation on Next-Generation Networks}",
  author={Zhang, Xin and Hsiao, Hsu-Chun and Hasker, Geoffrey and Chan, Haowen and Perrig, Adrian and Andersen, David G},
  booktitle={IEEE Symposium on Security and Privacy},
  pages={212--227},
  year={2011},
  organization={IEEE}
}

@misc{characterizing_detours,
key = "anonymized",
    title="{Anonymized ArXiv Tech Report}",
    note="Ask program chairs for anonymized version",
    month = May,
    year = {2016}
}

@inproceedings{levin2015alibi,
  title="{Alibi Routing}",
  author={Levin, Dave and Lee, Youndo and Valenta, Luke and Li, Zhihao and Lai, Victoria and Lumezanu, Cristian and Spring, Neil and Bhattacharjee, Bobby},
  booktitle={The 2015 ACM Conference on Special Interest Group on Data Communication},
  pages={611--624},
  year={2015},
  organization={ACM}
}

@inproceedings{andersen2001resilient,
  title="{Resilient Overlay Networks}",
  author={Andersen, David and Balakrishnan, Hari and Kaashoek, Frans and Morris, Robert},
  booktitle = {ACM Symposium on Operating Systems Principles (SOSP)},
  volume={35},
  number={5},
  year={2001},
  publisher={ACM}
}

@article{wang2010discourse,
  title="{Discourse Behind the Forbidden Realm: Internet Surveillance and its Implications on China’s Blogosphere}",
  author={Wang, Shaojung Sharon and Hong, Junhao},
  journal={Telematics and Informatics},
  volume={27},
  number={1},
  pages={67--78},
  year={2010},
  publisher={Elsevier}
}

@article{tsui2003panopticon,
  title="{The Panopticon as the Antithesis of a Space of Freedom Control and Regulation of the Internet in China}",
  author={Tsui, Lokman},
  journal={China information},
  volume={17},
  number={2},
  pages={65--82},
  year={2003},
  publisher={Sage Publications}
}

@article{poese2011ip,
  title="{IP Geolocation Databases: Unreliable?}",
  author={Poese, Ingmar and Uhlig, Steve and Kaafar, Mohamed Ali and Donnet, Benoit and Gueye, Bamba},
  journal={ACM SIGCOMM Computer Communication Review},
  volume={41},
  number={2},
  pages={53--56},
  year={2011},
  publisher={ACM}
}

@article{eriksson2012posit,
  title="{Posit: a Lightweight Approach for IP Geolocation}",
  author={Eriksson, Brian and Barford, Paul and Maggs, Bruce and Nowak, Robert},
  journal={ACM SIGMETRICS Performance Evaluation Review},
  volume={40},
  number={2},
  pages={2--11},
  year={2012},
  publisher={ACM}
}

@inproceedings{guo2009mining,
  title="{Mining the Web and the Internet for Accurate IP Address Geolocations}",
  author={Guo, Chuanxiong and Liu, Yunxin and Shen, Wenchao and Wang, Helen J and Yu, Qing and Zhang, Yongguang},
  booktitle={INFOCOM 2009, IEEE},
  pages={2841--2845},
  year={2009},
  organization={IEEE}
}

@inproceedings{hu2012towards,
  title="{Towards Geolocation of Millions of IP Addresses}",
  author={Hu, Zi and Heidemann, John and Pradkin, Yuri},
  booktitle={ACM Internet Measurement Conference},
  pages={123--130},
  year={2012},
  organization={ACM}
}

@inproceedings{gill2010dude,
  title="{Dude, Where’s That IP?: Circumventing Measurement-Based IP Geolocation}",
  author={Gill, Phillipa and Ganjali, Yashar and Wong, Bernard and Lie, David},
  booktitle={Proceedings of the 19th USENIX Conference on Security},
  pages={16--16},
  year={2010},
  organization={USENIX Association}
}

@inproceedings{eriksson2010learning,
  title="{A Learning-Based Approach for IP Geolocation}",
  author={Eriksson, Brian and Barford, Paul and Sommers, Joel and Nowak, Robert},
  booktitle={Passive and Active Measurement},
  pages={171--180},
  year={2010},
  organization={Springer}
}

@inproceedings{katz2006towards,
  title="{Towards IP Geolocation Using Delay and Topology Measurements}",
  author={Katz-Bassett, Ethan and John, John P and Krishnamurthy, Arvind and Wetherall, David and Anderson, Thomas and Chawathe, Yatin},
  booktitle={ACM Internet Measurement Conference},
  pages={71--84},
  year={2006},
  organization={ACM}
}

@inproceedings{katz2010reverse,
  title="{Reverse Traceroute}",
  author={Katz-Bassett, Ethan and Madhyastha, Harsha V and Adhikari, Vijay Kumar and Scott, Colin and Sherry, Justine and Van Wesep, Peter and Anderson, Thomas E and Krishnamurthy, Arvind},
  booktitle={NSDI},
  volume={10},
  pages={219--234},
  year={2010}
}

@article{gelernter2016two,
  title="{Two Cents for Strong Anonymity: The Anonymous Post-Office Protocol}",
  author={Gelernter, Nethanel and Herzberg, Amir and Leibowitz, Hemi},
  journal={Proceedings on Privacy Enhancing Technologies},
  volume={2},
  pages={1--20},
  year={2016}
}

@article{kwon2016riffle,
  title={Riffle},
  author={Kwon, Albert and Lazar, David and Devadas, Srinivas and Ford, Bryan},
  journal={Proceedings on Privacy Enhancing Technologies},
  volume={2016},
  number={2},
  pages={115--134},
  year={2016}
}

@article{kwon2016atom,
  title="{Atom: Scalable Anonymity Resistant to Traffic Analysis}",
  author={Kwon, Albert and Corrigan-Gibbs, Henry and Devadas, Srinivas and Ford, Bryan},
  journal={arXiv preprint arXiv:1612.07841},
  year={2016}
}

@inproceedings{corrigan2015riposte,
  title="{Riposte: An Anonymous Messaging System Handling Millions of Users}",
  author={Corrigan-Gibbs, Henry and Boneh, Dan and Mazi{\`e}res, David},
  booktitle={Security and Privacy (SP), 2015 IEEE Symposium on},
  pages={321--338},
  year={2015},
  organization={IEEE}
}

@article{tyagi2016stadium,
  title="{Stadium: A Distributed Metadata-Private Messaging System}",
  author={Tyagi, Nirvan and Gilad, Yossi and Zaharia, Matei and Zeldovich, Nickolai},
  journal={IACR Cryptology ePrint Archive},
  volume={2016},
  pages={943},
  year={2016}
}

@inproceedings{wolinsky2012dissent,
  title="{Dissent in Numbers: Making Strong Anonymity Scale}",
  author={Wolinsky, David Isaac and Corrigan-Gibbs, Henry and Ford, Bryan and Johnson, Aaron},
  booktitle={OSDI},
  pages={179--182},
  year={2012}
}

@inproceedings{van2015vuvuzela,
  title="{Vuvuzela: Scalable Private Messaging Resistant to Traffic Analysis}",
  author={Van Den Hooff, Jelle and Lazar, David and Zaharia, Matei and Zeldovich, Nickolai},
  booktitle={Proceedings of the 25th Symposium on Operating Systems Principles},
  pages={137--152},
  year={2015},
  organization={ACM}
}

@article{piotrowska2017loopix,
  title="{The Loopix Anonymity System}",
  author={Piotrowska, Ania and Hayes, Jamie and Elahi, Tariq and Meiser, Sebastian and Danezis, George},
  journal={arXiv preprint arXiv:1703.00536},
  year={2017}
}

@article{paxson1997end,
  title="{End-to-end Routing Behavior in the Internet}",
  author={Paxson, Vern},
  journal={IEEE/ACM transactions on Networking},
  volume={5},
  number={5},
  pages={601--615},
  year={1997},
  publisher={IEEE}
}

@inproceedings{he2004quantifying,
  title="{Quantifying Routing Asymmetry in the Internet at the AS Level}",
  author={He, Yihua and Faloutsos, Michalis and Krishnamurthy, Srikanth},
  booktitle={Global Telecommunications Conference},
  volume={3},
  pages={1474--1479},
  year={2004},
  organization={IEEE}
}

@inproceedings{he2005routing,
  title="{On Routing Asymmetry in the Internet}",
  author={He, Yihua and Faloutsos, Michalis and Krishnamurthy, Srikanth and Huffaker, Bradley},
  booktitle={Global Telecommunications Conference},
  volume={2},
  pages={6--pp},
  year={2005},
  organization={IEEE}
}

@article{gao2001inferring,
  title="{On Inferring Autonomous System Relationships in the Internet}",
  author={Gao, Lixin},
  journal={IEEE/ACM Transactions on Networking (ToN)},
  volume={9},
  number={6},
  pages={733--745},
  year={2001},
  publisher={IEEE Press}
}

@techreport{dingledine2004tor,
  title="{Tor: The Second-Generation Onion Router}",
  author={Dingledine, Roger and Mathewson, Nick and Syverson, Paul},
  year={2004},
  institution={DTIC Document}
}

@article{cicalese2015characterizing,
  title="{Characterizing IPv4 Anycast Adoption and Deployment}",
  author={Cicalese, Danilo and Aug{\'e}, Jordan and Joumblatt, Diana and Friedman, Timur and Rossi, Dario},
  year={2015}
}

@inproceedings{butkiewicz2011understanding,
  title="{Understanding Website Complexity: Measurements, Metrics, and Implications}",
  author={Butkiewicz, Michael and Madhyastha, Harsha V and Sekar, Vyas},
  booktitle={The 2011 ACM SIGCOMM Internet Measurement Conference},
  pages={313--328},
  year={2011},
  organization={ACM}
}

@inproceedings{obar2012internet,
  title="{Internet Surveillance and Boomerang Routing: A Call for Canadian Network Sovereignty}",
  author={Obar, Jonathan A and Clement, Andrew},
  booktitle={TEM 2013: The Technology \& Emerging Media Track-Annual Conference of the Canadian Communication Association (Victoria)},
  year={2012}
}

@techreport{shah2015characterizing,
  title="{Characterizing International BGP Detours}",
  author={Shah, Anant and Papadopoulos, Christos},
  number={CS-15-104},
  institution={Colorado State University},
  year={2015}
}

@inproceedings{brito2016dissecting,
  title="{Dissecting the Largest National Ecosystem of Public Internet Exchange Points in Brazil}",
  author={Brito, Samuel Henrique Bucke and Santos, Mateus AS and dos Reis Fontes, Ramon and Perez, Danny A Lachos and Rothenberg, Christian Esteve},
  booktitle={International Conference on Passive and Active Network Measurement},
  pages={333--345},
  year={2016},
  organization={Springer}
}

@article{huffaker2011geocompare,
  title="{Geocompare: A Comparison of Public and Commercial Geolocation Databases}",
  author={Huffaker, Bradley and Fomenkov, Marina and Claffy, K},
  journal={Proc. NMMC},
  pages={1--12},
  year={2011}
}

@inproceedings{augustin2006avoiding,
  title="{Avoiding Traceroute Anomalies with Paris Traceroute}",
  author={Augustin, Brice and Cuvellier, Xavier and Orgogozo, Benjamin and Viger, Fabien and Friedman, Timur and Latapy, Matthieu and Magnien, Cl{\'e}mence and Teixeira, Renata},
  booktitle={ACM Internet Measurement Conference},
  pages={153--158},
  year={2006},
  organization={ACM}
}

@inproceedings{anwar2015investigating,
  title="{Investigating Interdomain Routing Policies in the Wild}",
  author={Anwar, Ruwaifa and Niaz, Haseeb and Choffnes, David and Cunha, Italo and Gill, Phillipa and Katz-Bassett, Ethan},
  booktitle={The 2015 ACM Conference on Internet Measurement Conference},
  pages={71--77},
  year={2015},
  organization={ACM}
}

@incollection{banerjee2004interdomain,
  title="{The Interdomain Connectivity of PlanetLab Nodes}",
  author={Banerjee, Suman and Griffin, Timothy G and Pias, Marcelo},
  booktitle={Passive and Active Network Measurement},
  pages={73--82},
  year={2004},
  publisher={Springer}
}

@article{karlin2009nation,
  title="{Nation-state Routing: Censorship, Wiretapping, and BGP}",
  author={Karlin, Josh and Forrest, Stephanie and Rexford, Jennifer},
  journal={arXiv preprint arXiv:0903.3218},
  year={2009}
}

@inproceedings{spring2002measuring,
  title="{Measuring ISP Topologies with Rocketfuel},
  author={Spring, Neil and Mahajan, Ratul and Wetherall, David}",
  booktitle={ACM SIGCOMM Computer Communication Review},
  volume={32},
  number={4},
  pages={133--145},
  year={2002},
  organization={ACM}
}

@inproceedings{padmanabhan2001investigation,
  title="{An Investigation of Geographic Mapping Techniques for Internet Hosts}",
  author={Padmanabhan, Venkata N and Subramanian, Lakshminarayanan},
  booktitle={ACM SIGCOMM Computer Communication Review},
  volume={31},
  number={4},
  pages={173--185},
  year={2001},
  organization={ACM}
}

@inproceedings{wahlisch2010framework,
  title="{A Framework for Nation-Centric Classification and Observation of the Internet}",
  author={W{\"a}hlisch, Matthias and Meiling, Sebastian and Schmidt, Thomas C},
  booktitle={The ACM CoNEXT Student Workshop},
  pages={15},
  year={2010},
  organization={ACM}
}

@inproceedings{fanou2015diversity,
  title="{On the Diversity of Interdomain Routing in Africa}",
  author={Fanou, Rod{\'e}rick and Francois, Pierre and Aben, Emile},
  booktitle={International Conference on Passive and Active Network Measurement},
  pages={41--54},
  year={2015},
  organization={Springer}
}

@inproceedings{fanou2016pushing,
  title="{Pushing the Frontier: Exploring the African Web Ecosystem}",
  author={Fanou, Rod{\'e}rick and Tyson, Gareth and Francois, Pierre and Sathiaseelan, Arjuna},
  booktitle={Proceedings of the 25th International Conference on World Wide Web},
  pages={435--445},
  year={2016},
  organization={International World Wide Web Conferences Steering Committee}
}

@inproceedings{chavula2014quantifying,
  title="{Quantifying the Effects of Circuitous Routes on the Latency of Intra-Africa Internet Traffic: A Study of Research and Education Networks}",
  author={Chavula, Josiah and Feamster, Nick and Bagula, Antoine and Suleman, Hussein},
  booktitle={International Conference on e-Infrastructure and e-Services for Developing Countries},
  pages={64--73},
  year={2014},
  organization={Springer}
}

@inproceedings{gupta2014peering,
  title="{Peering at the Internet’s Frontier: A First Look at ISP Interconnectivity in Africa}",
  author={Gupta, Arpit and Calder, Matt and Feamster, Nick and Chetty, Marshini and Calandro, Enrico and Katz-Bassett, Ethan},
  booktitle={Passive and Active Measurement},
  pages={204--213},
  year={2014},
  organization={Springer}
}

@inproceedings{zarifis2014diagnosing,
  title="{Diagnosing Path Inflation of Mobile Client Traffic}",
  author={Zarifis, Kyriakos and Flach, Tobias and Nori, Srikanth and Choffnes, David and Govindan, Ramesh and Katz-Bassett, Ethan and Mao, Z Morley and Welsh, Matt},
  booktitle={Passive and Active Measurement},
  pages={23--33},
  year={2014},
  organization={Springer}
}

@inproceedings{bischof2015and,
  title="{In and Out of Cuba: Characterizing Cuba's Connectivity}",
  author={Bischof, Zachary S and Rula, John P and Bustamante, Fabi{\'a}n E},
  booktitle={The 2015 ACM Internet Measurement Conference},
  pages={487--493},
  year={2015},
  organization={ACM}
}

@article{zhou2007chinese,
  title="{Chinese Internet AS-level topology}",
  author={Zhou, Shi and Zhang, Guo-Qing and Zhang, G-Q},
  journal={Communications, IET},
  volume={1},
  number={2},
  pages={209--214},
  year={2007},
  publisher={IET}
}

@inproceedings{wahlisch2012exposing,
  title="{Exposing a Nation-centric View on the German Internet--A Change in Perspective on AS-level}",
  author={W{\"a}hlisch, Matthias and Schmidt, Thomas C and de Br{\"u}n, Markus and H{\"a}berlen, Thomas},
  booktitle={Passive and Active Measurement},
  pages={200--210},
  year={2012},
  organization={Springer}
}

@inproceedings{roberts2011mapping,
  title="{Mapping Local Internet Control}",
  author={Roberts, Hal and Larochelle, David and Faris, Rob and Palfrey, John},
  booktitle={Computer Communications Workshop (Hyannis, CA, 2011), IEEE},
  year={2011}
}

@inproceedings{madhyastha2006iplane,
  title="{iPlane: An Information Plane for Distributed Services}",
  author={Madhyastha, Harsha V and Isdal, Tomas and Piatek, Michael and Dixon, Colin and Anderson, Thomas and Krishnamurthy, Arvind and Venkataramani, Arun},
  booktitle={The 7th Symposium on Operating Systems Design and Implementation},
  pages={367--380},
  year={2006},
  organization={USENIX Association}
}

@misc{dte,
  key = "Deutch",
  title="{Deutsche Telekom to Push for National Routing to Curtail Spying}",
  howpublished={\url{http://www.businessweek.com/news/2013-10-14/deutsche-telekom-to-push-for-national}}
}

@misc{wsj_putin,
  key = "Russia",
  title = "{Russia Needs More Internet Security, Says Putin}",
  howpublished = {\url{http://www.wsj.com/articles/russia-needs-more-internet-security-says-putin-1412179448}}
}

@misc{routing_errors,
  key = "Chinese",
  title = "{Chinese Routing Errors Redirect Russian Traffic}",
  howpublished = {\url{http://research.dyn.com/2014/11/chinese-routing-errors-redirect-russian-traffic/}}
}

@misc{france_surveillance,
  key = "France",
  title = "{France Must Reject Law that Gives Carte Blanche to Mass Surveillance Globally}",
  howpublished = {\url{https://www.amnesty.org/en/press-releases/2015/09/france-must-reject-law-that-gives-carte-blanche-to-mass-surveillance-globally/}}
}

@misc{netherlands_surveillance,
  key = "Netherlands",
  title = "{Netherlands New Proposal for Dragnet Surveillance Underway}",
  howpublished = {\url{https://edri.org/netherlands-new-proposals-for-dragnet-surveillance-underway/}},
  year = 2015
}

@misc{user_control,
  key = "After",
  title = "{After Safe Harbor Ruling Legal Moves to Force Facebook to Stop Sending Data to US}",
  howpublished = {\url{http://arstechnica.co.uk/tech-policy/2015/12/after-safe-harbour-ruling-legal-moves-to-force-facebook-to-stop-sending-data-to-us/}},
  year = 2015
}

@misc{uae_surv,
  key = "freedom",
  title = "{Freedom on the Net: United Arab Emirates}",
  howpublished = {\url{https://freedomhouse.org/report/freedom-net/2015/united-arab-emirates}},
  year = 2015
}

@misc{bahrain_surv,
  key = "bahraini",
  title = "{Bahraini Activists Hacked by Their Government Go After UK Spyware Maker}",
  howpublished = {\url{https://www.wired.com/2014/10/bahraini-activists-go-after-spyware-source/}},
  year = 2014
}

@misc{what_isps_can_see,
  key = "what",
  title = "{What ISPs Can See: Clarifying the Technical Landscape of the Broadband Privacy Debate}",
  howpublished = {\url{https://www.teamupturn.com/reports/2016/what-isps-can-see}},
  year = 2016
}

@misc{mitm_isp,
  key = "gogo",
  title = "{Gogo Inflight Internet Serves up `Man-in-the-Middle' with Fake SSL}",
  howpublished = {\url{http://www.csoonline.com/article/2865806/cloud-security/gogo-inflight-internet-serves-up-man-in-the-middle-with-fake-ssl.html}}
}

@misc{ixp_policy,
  key = "promoting",
  title = "{Promoting the Use of Internet Exchange Points (IXPs): A Guide to Policy, Management and Technical Issues}",
  howpublished = {\url{https://www.internetsociety.org/sites/default/files/Promoting\%20the\%20use\%20of\%20IXPs.pdf}},
  year = 2012
}

@misc{russia_secure_internet,
  key = "russia",
  title = "{Russia Needs More Internet Security Says Putin}",
  howpublished = {\url{http://www.wsj.com/articles/russia-needs-more-internet-security-says-putin-1412179448}},
  year = 2014
}

@misc{open_resolver_list,
  key = "internet",
  title = "{Internet-Wide Scan Data Repository}",
  howpublished = {\url{https://scans.io/study/washington-dns}}
}

@misc{safe_harbour_illegal,
  key = "europe",
  title = "{Europe’s Highest Court Strikes down Safe Harbour Data Sharing between EU and US}",
  howpublished = {\url{http://arstechnica.co.uk/tech-policy/2015/10/europes-highest-court-strikes-down-safe-harbour-data-sharing-between-eu-and-us/}}
}

@misc{kenya_nigeria,
  key = "assessment",
  title = "{Assessment of the Impact of Internet Exchange Points – Empirical Study of Kenya and Nigeria}",
  howpublished = {\url{http://www.internetsociety.org/sites/default/files/Assessment\%20of\%20the\%20impact\%20of\%20Internet\%20Exchange\%20Points\%20\%E2\%80\%93\%20empirical\%20study\%20of\%20Kenya\%20and\%20Nigeria.pdf}}
}

@misc{teams,
  key = "the",
  title = "{The East African Marine System}",
  howpublished = {\url{http://www.teams.co.ke/}}
}

@misc{safe_harbour_undecided,
  key = "US",
  title = "{US and European Union Fail to Strike Deal on New Safe Harbour Pact}",
  howpublished = {\url{http://arstechnica.co.uk/tech-policy/2016/02/us-and-european-union-fail-to-strike-deal-on-new-safe-harbour-pact/}}
}

@misc{encryption_forward,
  key = "Revealed",
  title = "{Revealed: How US and UK Spy Agencies Defeat Internet Privacy and Security}",
  howpublished = {\url{https://www.theguardian.com/world/2013/sep/05/nsa-gchq-encryption-codes-security}}
}

@misc{brazil_break_from_US,
  key = "brazil",
  title = "{Brazil Looks to Break from US Centric Internet}",
  howpublished = {\url{http://news.yahoo.com/brazil-looks-break-us-centric-internet-040702309.html}}
}

@misc{brazil_IXP1,
  key = "brazil",
  title = "{Brasil Internet Exchange Participants Diversity}",
  howpublished = {\url{http://ix.br/doc/nic.br.ix.br.euro-ix-27th-berlin.20151027-02.pdf}},
  year = 2015
}

@misc{brazil_IXP2,
  key = "anatomy",
  title = "{Anatomy of Internet eXchange Points (IXP) Ecosystem in Brazil}",
  howpublished = {\url{https://dl.dropboxusercontent.com/u/15183439/PPTs/sbrc15-ptt-slides.pdf}},
  year = 2015
}

@misc{brazil_local_storage,
  key = "google",
  title = "{Google DNS Departs Brazil Ahead of New Law}",
  howpublished = {\url{http://research.dyn.com/2013/10/google-dns-departs-brazil-ahead-new-law/}},
  year = 2013
}

@misc{brazil_international_ases,
  key = "brazil",
  title = "{Brazil Winning Internet}",
  howpublished = {\url{http://research.dyn.com/2014/07/brazil-winning-internet/\#!prettyPhoto/1/}},
  year = 2015
}

@misc{brazil_history,
  key = "how",
  title = "{How Brazil Crowdsourced a Landmark Law}",
  howpublished = {\url{http://foreignpolicy.com/2016/01/19/how-brazil-crowdsourced-a-landmark-law/}},
  year = 2016
}

@misc{brazil_conference,
  key = "brazil",
  title = "{Brazil to Host Global Internet Summit in Ongoing Fight Against NSA Surveillance}",
  howpublished = {\url{https://www.rt.com/news/brazil-internet-summit-fight-nsa-006/}}
}

@misc{brazil_conference2,
  key = "brazil",
  title = "{Brazil Conference will Plot Internet's Future Post NSA Spying}",
  howpublished = {\url{http://www.reuters.com/article/us-internet-conference-idUSBREA3L1OJ20140422}}
}

@misc{brazil_human_rights,
  key = "brazil",
  title = "{Brazil's President Tells U.N. That NSA Spying Violates Human Rights}",
  howpublished = {\url{http://www.usnews.com/news/articles/2013/09/24/brazils-president-tells-un-that-nsa-spying-violates-human-rights}}
}

@misc{brazil_cable,
  key = "brazil",
  title = "{Brazil Builds Internet Cable To Portugal To Avoid NSA Surveillance}",
  howpublished = {\url{http://www.ibtimes.com/brazil-builds-internet-cable-portugal-avoid-nsa-surveillance-1717417}}
}

@misc{brazil_us_companies,
  key = "brazil",
  title = "{Brazil to Press for Local Internet Data Storage After NSA Spying}",
  howpublished = {\url{https://www.rt.com/news/brazil-brics-internet-nsa-895/}},
  year = 2013
}

@misc{kazak_surveillance,
  key = "kazakhstan",
  title = "{Kazakhstan Will Require Internet Surveillance Back Doors}",
  howpublished = {\url{http://www.engadget.com/2015/12/05/kazakhstan-internet-back-door-law/}},
  year = 2015
}

@misc{ATT_NSA,
  key = "new",
  title = "{New Documents and Reports Confirm AT\&T and NSA’s Longstanding Surveillance Partnership}",
  howpublished = {\url{https://www.eff.org/deeplinks/2015/08/eff-claims-government-spying-atts-help-further-confirmed-new-york-times-article}},
  year = 2015
}

@misc{uk_bill,
  key = "ingestigatory",
  title = "{Investigatory Powers Bill: Snooper's Charter Lacks Clarity, MPs Warn}",
  howpublished = {\url{http://www.theguardian.com/law/2016/feb/01/investigatory-powers-bill-snoopers-charter-lacks-clarity-mps-warn}}
}

@misc{eu_datacenters,
  key = "oracle",
  title = "{Oracle Now Keeps All EU Data within EU Borders to Avoid Safe Harbour Problems}",
  howpublished = {\url{http://arstechnica.co.uk/tech-policy/2015/10/oracle-now-keeps-all-eu-data-within-eu-borders-to-avoid-safe-harbour-problems/}},
  year = 2015
}

@misc{maxmind,
  key = "maxmind",
  title="{MaxMind}",
  howpublished={\url{https://www.maxmind.com/en/home}}
}

@misc{russiasurv,
  key = "russia",
  title="{Russia's Surveillance State}",
  howpublished={\url{http://www.worldpolicy.org/journal/fall2013/Russia-surveillance}},
  year = 2013
}

@misc{russiasurv2,
  key = "once",
  title="{Once a Defender of Internet Freedom, Putin Is Now Bringing China’s Great Firewall to Russia}",
  howpublished={\url{http://www.huffingtonpost.com/andrei-soldatov/putin-china-internet-firewall-russia_b_9821190.html}}
}

@misc{francesurv2,
  key = "eu",
  title="{EU Disdains U.S. Surveillance, but Seeks Easier Access}",
  howpublished={\url{http://www.bna.com/eu-disdains-us-n57982070518/}}
}

@misc{francesurv,
  key = "france",
  title="{France Has a Powerful and Controversial New Surveillance Law}",
  howpublished={\url{http://www.recode.net/2015/11/14/11620670/france-has-a-powerful-and-controversial-new-surveillance-law}}
}

@misc{ripe_atlas,
  key = "RIPE",
  title = "{RIPE Atlas}",
  howpublished = {\url{https://atlas.ripe.net/}}
}

@misc{germansurv,
  key = "german",
  title="{German Bundestag Passes New Data Retention Law}",
  howpublished={\url{https://lawfareblog.com/german-bundestag-passes-new-data-retention-law}}
}

@misc{digital_envoy,
  key = "digital-envoy",
  title = "{Digital Envoy}",
  howpublished = {\url{https://www.digitalenvoy.com/}}
}

@misc{tor,
  key = "tor",
  title = "{Tor Project}",
  howpublished = {\url{https://www.torproject.org/}}
}

@misc{vpngate,
  key = "vpngate",
  title = "{VPN Gate}",
  howpublished = {\url{http://www.vpngate.net/en/}}
}

@inproceedings{nobori2014vpn,
  title="{VPN gate: A Volunteer-organized Public VPN Relay System with Blocking Resistance for Bypassing Government Censorship Firewalls}",
  author={Nobori, Daiyuu and Shinjo, Yasushi},
  booktitle={The 11th USENIX Symposium on Networked Systems Design and Implementation (NSDI 14)},
  pages={229--241},
  year={2014}
}

@misc{iplane,
  key = "iplane",
  title = "{iPlane Project}",
  howpublished = {\url{http://iplane.cs.washington.edu/}}
}

@misc{caida,
  key = "caida",
  title = "{CAIDA: Center for Applied Internet Data Analysis}",
  howpublished = {\url{http://www.caida.org/home/}}
}

@misc{planetlab,
  key = "planetlab",
  title = "{PlanetLab}",
  howpublished = {\url{http://planet-lab.org/}}
}

@misc{fiveeyes,
  key = "five eyes",
  title = "{The Five Eyes}",
  howpublished = {\url{https://www.privacyinternational.org/node/51}}
}

@misc{cablemap,
  title = "{TeleGeography Submarine Cable Map}",
  key = {Telegeography},
  howpublished = {\url{http://www.submarinecablemap.com/}}
}

@misc{bakers,
  key = "bakers",
  title = "{A Baker's Dozen, 2015 Edition}",
  howpublished = {\url{http://research.dyn.com/2016/04/a-bakers-dozen-2015-edition/}}
}

@misc{eyeswideopen,
  key = "eyes",
  title = "{Eyes Wide Open}",
  howpublished = {\url{https://www.privacyinternational.org/sites/default/files/Eyes\%20Wide\%20Open\%20v1.pdf}}
}


@article{lander2004international,
  title="{International Intelligence Cooperation: An Inside Perspective 1}",
  author={Lander, Sir Stephen},
  journal={Cambridge Review of International Affairs},
  volume={17},
  number={3},
  pages={481--493},
  year={2004},
  publisher={Taylor \& Francis}
}


@inproceedings{Johnson2013a,
        author = {Aaron Johnson and Chris Wacek and Rob Jansen and Micah Sherr and Paul Syverson},
        title = "{Users Get Routed: Traffic Correlation on {T}or by Realistic Adversaries}",
        booktitle = {CCS},
        publisher = {ACM},
        year = {2013},
        note = {\url{http://www.ohmygodel.com/publications/usersrouted-ccs13.pdf}}
}
