@misc{leon3,
  title={Leon3 Processor.},
  howpublished={\url{http://www.gaisler.com/index.php/products/processors/leon3}}
}

@article{king2008designing,
  title={Designing and Implementing Malicious Hardware.},
  author={King, Samuel T and Tucek, Joseph and Cozzie, Anthony and Grier, Chris and Jiang, Weihang and Zhou, Yuanyuan},
  journal={LEET},
  volume={8},
  pages={1--8},
  year={2008}
}

@inproceedings{sturton2011defeating,
  title={Defeating UCI: Building stealthy and malicious hardware},
  author={Sturton, Cynthia and Hicks, Matthew and Wagner, David and King, Samuel T},
  booktitle={Security and Privacy (SP), 2011 IEEE Symposium on},
  pages={64--77},
  year={2011},
  organization={IEEE}
}

@inproceedings{zhang2014detrust,
  title={DeTrust: Defeating hardware trust verification with stealthy implicitly-triggered hardware Trojans},
  author={Zhang, Jie and Yuan, Feng and Xu, Qiang},
  booktitle={Proceedings of the 2014 ACM SIGSAC Conference on Computer and Communications Security},
  pages={153--166},
  year={2014},
  organization={ACM}
}

@inproceedings{bilzor2011security,
  title={Security checkers: Detecting processor malicious inclusions at runtime},
  author={Bilzor, Michael and Huffmire, Ted and Irvine, Cynthia and Levin, Tim},
  booktitle={Hardware-Oriented Security and Trust (HOST), 2011 IEEE International Symposium on},
  pages={34--39},
  year={2011},
  organization={IEEE}
}

@inproceedings{agrawal2007trojan,
  title={Trojan detection using IC fingerprinting},
  author={Agrawal, Dakshi and Baktir, Selcuk and Karakoyunlu, Deniz and Rohatgi, Pankaj and Sunar, Berk},
  booktitle={Security and Privacy, 2007. SP'07. IEEE Symposium on},
  pages={296--310},
  year={2007},
  organization={IEEE}
}

@inproceedings{waksman2013fanci,
  title={FANCI: Identification of stealthy malicious logic using boolean functional analysis},
  author={Waksman, Adam and Suozzo, Matthew and Sethumadhavan, Simha},
  booktitle={Proceedings of the 2013 ACM SIGSAC conference on Computer \& communications security},
  pages={697--708},
  year={2013},
  organization={ACM}
}

@inproceedings{zhang2013veritrust,
  title={VeriTrust: Verification for hardware trust},
  author={Zhang, Jie and Yuan, Feng and Wei, Lingxiao and Sun, Zelong and Xu, Qiang},
  booktitle={Proceedings of the 50th Annual Design Automation Conference},
  pages={61},
  year={2013},
  organization={ACM}
}

@inproceedings{hicks2010overcoming,
  title={Overcoming an untrusted computing base: Detecting and removing malicious hardware automatically},
  author={Hicks, Matthew and Finnicum, Murph and King, Samuel T and Martin, Milo and Smith, Jonathan M},
  booktitle={Security and Privacy (SP), 2010 IEEE Symposium on},
  pages={159--172},
  year={2010},
  organization={IEEE}
}

@inproceedings{waksman2011silencing,
  title={Silencing hardware backdoors},
  author={Waksman, Adam and Sethumadhavan, Simha},
  booktitle={Security and Privacy (SP), 2011 IEEE Symposium on},
  pages={49--63},
  year={2011},
  organization={IEEE}
}

@inproceedings{waksman2010tamper,
  title={Tamper evident microprocessors},
  author={Waksman, Adam and Sethumadhavan, Simha},
  booktitle={Security and Privacy (SP), 2010 IEEE Symposium on},
  pages={173--188},
  year={2010},
  organization={IEEE}
}

@inproceedings{stellari2014verification,
  title={Verification of untrusted chips using trusted layout and emission measurements},
  author={Stellari, Franco and Song, Peilin and Weger, Alan J and Culp, Jim and Herbert, A and Pfeiffer, D},
  booktitle={Hardware-Oriented Security and Trust (HOST), 2014 IEEE International Symposium on},
  pages={19--24},
  year={2014},
  organization={IEEE}
}

@inproceedings{khalid2013implementing,
  title={On implementing trusted boot for embedded systems},
  author={Khalid, Obaid and Rolfes, Carsten and Ibing, Andreas},
  booktitle={Hardware-Oriented Security and Trust (HOST), 2013 IEEE International Symposium on},
  pages={75--80},
  year={2013},
  organization={IEEE}
}

@inproceedings{wei2013malicious,
  title={Malicious circuitry detection using fast timing characterization via test points},
  author={Wei, Sheng and Potkonjak, Miodrag},
  booktitle={Hardware-Oriented Security and Trust (HOST), 2013 IEEE International Symposium on},
  pages={113--118},
  year={2013},
  organization={IEEE}
}

@inproceedings{lamech2012trojan,
  title={Trojan detection based on delay variations measured using a high-precision, low-overhead embedded test structure},
  author={Lamech, Charles and Plusquellic, Jim},
  booktitle={Hardware-Oriented Security and Trust (HOST), 2012 IEEE International Symposium on},
  pages={75--82},
  year={2012},
  organization={IEEE}
}

@inproceedings{love2011enhancing,
  title={Enhancing security via provably trustworthy hardware intellectual property},
  author={Love, Eric and Jin, Yier and Makris, Yiorgos},
  booktitle={Hardware-Oriented Security and Trust (HOST), 2011 IEEE International Symposium on},
  pages={12--17},
  year={2011},
  organization={IEEE}
}

@inproceedings{banga2011odette,
  title={Odette: A non-scan design-for-test methodology for trojan detection in ics},
  author={Banga, Mainak and Hsiao, Michael S},
  booktitle={Hardware-Oriented Security and Trust (HOST), 2011 IEEE International Symposium on},
  pages={18--23},
  year={2011},
  organization={IEEE}
}

@inproceedings{papa2011placement,
  title={Placement of trust anchors in embedded computer systems},
  author={Papa, Stephen and Casper, William and Nair, Suku},
  booktitle={Hardware-Oriented Security and Trust (HOST), 2011 IEEE International Symposium on},
  pages={111--116},
  year={2011},
  organization={IEEE}
}

@inproceedings{song2011marvel,
  title={MARVELâ€”Malicious alteration recognition and verification by emission of light},
  author={Song, Peilin and Stellari, Franco and Pfeiffer, Dirk and Culp, Jim and Weger, Al and Bonnoit, Alyssa and Wisnieff, Bob and Taubenblatt, Marc},
  booktitle={Hardware-Oriented Security and Trust (HOST), 2011 IEEE International Symposium on},
  pages={117--121},
  year={2011},
  organization={IEEE}
}

@inproceedings{skorobogatov2009local,
  title={Local heating attacks on Flash memory devices},
  author={Skorobogatov, Sergei},
  booktitle={Hardware-Oriented Security and Trust, 2009. HOST'09. IEEE International Workshop on},
  pages={1--6},
  year={2009},
  organization={IEEE}
}

@incollection{skorobogatov2003optical,
  title={Optical fault induction attacks},
  author={Skorobogatov, Sergei P and Anderson, Ross J},
  booktitle={Cryptographic Hardware and Embedded Systems-CHES 2002},
  pages={2--12},
  year={2003},
  publisher={Springer}
}

@inproceedings{salmani2009new,
  title={New design strategy for improving hardware Trojan detection and reducing Trojan activation time},
  author={Salmani, Hassan and Tehranipoor, Mohammad and Plusquellic, Jim},
  booktitle={Hardware-Oriented Security and Trust, 2009. HOST'09. IEEE International Workshop on},
  pages={66--73},
  year={2009},
  organization={IEEE}
}

@inproceedings{rudra2014designing,
 author = {Rudra, Mukesh Reddy and Daniel, Nimmy Anna and Nagoorkar, Varun and Hoe, David H. K.},
 title = {Designing Stealthy Trojans with Sequential Logic: A Stream Cipher Case Study},
 booktitle = {Proceedings of the 51st Annual Design Automation Conference},
 series = {DAC '14},
 year = {2014},
 isbn = {978-1-4503-2730-5},
 location = {San Francisco, CA, USA},
 pages = {172:1--172:4},
 articleno = {172},
 numpages = {4},
 url = {http://doi.acm.org/10.1145/2593069.2596677},
 doi = {10.1145/2593069.2596677},
 acmid = {2596677},
 publisher = {ACM},
} 

@inproceedings{tsoutsos2014advanced,
 author = {Tsoutsos, Nektarios Georgios and Konstantinou, Charalambos and Maniatakos, Michail},
 title = {Advanced Techniques for Designing Stealthy Hardware Trojans},
 booktitle = {Proceedings of the 51st Annual Design Automation Conference},
 series = {DAC '14},
 year = {2014},
 isbn = {978-1-4503-2730-5},
 location = {San Francisco, CA, USA},
 pages = {174:1--174:4},
 articleno = {174},
 numpages = {4},
 publisher = {ACM},
} 